<record><leader>00000cas a22000007a 4500</leader><controlfield tag="001">19914033</controlfield><controlfield tag="008">890622u1959uuuumduwr ne      0    0eng d</controlfield><datafield ind1=" " ind2=" " tag="010"><subfield code="a">sn 89061517 </subfield></datafield><datafield ind1=" " ind2=" " tag="040"><subfield code="a">MFN</subfield><subfield code="b">eng</subfield><subfield code="c">MFN</subfield><subfield code="d">OCLCQ</subfield></datafield><datafield ind1=" " ind2=" " tag="042"><subfield code="a">msc</subfield></datafield><datafield ind1=" " ind2="4" tag="050"><subfield code="a">AN41.681.C6</subfield><subfield code="b">F7</subfield></datafield><datafield ind1="0" ind2=" " tag="130"><subfield code="a">Free state news (College Park, Md.)</subfield></datafield><datafield ind1="1" ind2="0" tag="245"><subfield code="a">Free state news.</subfield></datafield><datafield ind1=" " ind2=" " tag="260"><subfield code="a">College Park, Md. :</subfield><subfield code="b">B.H. Jones</subfield></datafield><datafield ind1=" " ind2=" " tag="300"><subfield code="a">v.</subfield></datafield><datafield ind1=" " ind2=" " tag="310"><subfield code="a">Weekly</subfield></datafield><datafield ind1="1" ind2=" " tag="362"><subfield code="a">Began in 1959.</subfield></datafield><datafield ind1=" " ind2=" " tag="588"><subfield code="a">Description based on: Vol. 2, no. 36 (Sept. 10, 1959).</subfield></datafield><datafield ind1=" " ind2=" " tag="752"><subfield code="a">United States</subfield><subfield code="b">Maryland</subfield><subfield code="c">Prince George's</subfield><subfield code="d">College Park.</subfield></datafield><datafield ind1="0" ind2=" " tag="775"><subfield code="t">Hyattsville free state news</subfield><subfield code="w">(DLC)sn 90057052</subfield></datafield><datafield ind1="0" ind2="0" tag="780"><subfield code="t">College Park free state news</subfield><subfield code="w">(DLC)sn 89061516</subfield></datafield><datafield ind1="1" ind2=" " tag="029"><subfield code="a">AU@</subfield><subfield code="b">000025849346</subfield></datafield></record>